[
    {
        "ean": "the-vert-jasmin-100g",
        "business_type": "food",
        "categories": [
            {
                "label": "Thés"
            }
        ],
        "market": {
            "name": "Naturalia",
            "country": "FR",
            "address": "Paris"
        },
        "lang_desc": {
            "fr": {
                "title": "THÉ VERT JASMIN 100G BIO",
                "desc": "Thé vert Jasmin 100G Bio\nThé vert délicatement parfumé au contact de fleurs fraiches de jasmin, qui sont ensuite retirées.\nArômes floraux subtils et tasse cristaline.",
                "images": [
                    "https://media.naturalia.fr/media/catalog/product/cache/c97961dbe2ef8ae9072b778469b58f9a/4/0/4012824402799-min.jpg"
                ],
                "links": {
                    "links_self": "https://www.naturalia.fr/produit/the-vert-jasmin-100g"
                }
            }
        },
        "evolutions": [
            {
                "parsing_date": "2025-06-15T22:47",
                "format": "100G",
                "availability": true,
                "ingredients": "Thé vert Chine issu de l'agriculture biologique.\nPack : 0% aluminium\n100% conservation",
                "on_discount": false,
                "weight_per_packaging": 100.0,
                "price_per_packaging": 8.95,
                "price_per_unit": 89.5,
                "offers": [
                    {
                        "description": {
                            "fr": {
                                "desc": "Prix Spécial 8.95 €"
                            }
                        },
                        "requiredProductQuantity": 1
                    }
                ],
                "mode_d_emploi": "Laissez infuser 4minutes dans une eau à environ 70°C.\nIl peut être consommé tout au long de la journée",
                "conservation": "A conserver dans un endroit frais et sec."
            }
        ],
        "created_at": "2025-06-15T22:46",
        "updated_at": "2025-06-15T22:46"
    },
    {
        "ean": "the-noir-p-tit-dej-100g",
        "business_type": "food",
        "categories": [
            {
                "label": "Thés"
            }
        ],
        "market": {
            "name": "Naturalia",
            "country": "FR",
            "address": "Paris"
        },
        "lang_desc": {
            "fr": {
                "title": "THÉ NOIR P'TIT DEJ 100G BIO",
                "desc": "Thé noir spécial p'tit déj' 100G Bio\nLes trois grandes origines du thé se marient dans ce mélange spécial\nPetit Dejeuner, idéal pour démarrer la journée. Le thé aromatique de Ceylan, le corsé d'Inde et la douceur du chinois s'assemblent en un trio harmonieux, rond et légèrement épicé.\nCette infusion corsée, cultivée, est également exquise avec une pointe de lait.\nMélange complet équilibré.",
                "images": [
                    "https://media.naturalia.fr/media/catalog/product/cache/c97961dbe2ef8ae9072b778469b58f9a/3/7/3770001358161.p5-1500j.jpg"
                ],
                "links": {
                    "links_self": "https://www.naturalia.fr/produit/the-noir-p-tit-dej-100g"
                }
            }
        },
        "evolutions": [
            {
                "parsing_date": "2025-06-15T22:47",
                "format": "100G",
                "availability": true,
                "ingredients": "Thés noirs* Ceylan, Inde, Chine.\n*Issu de l'agriculture biologique.\n\nInfuser à 100°C  pendant 4 min.",
                "on_discount": false,
                "weight_per_packaging": 100.0,
                "price_per_packaging": 6.85,
                "price_per_unit": 68.5,
                "offers": [
                    {
                        "description": {
                            "fr": {
                                "desc": "Prix Spécial 6.85 €"
                            }
                        },
                        "requiredProductQuantity": 1
                    }
                ],
                "conservation": "A conserver dans un endroit frais et sec, à l'abri de la lumière."
            }
        ],
        "created_at": "2025-06-15T22:46",
        "updated_at": "2025-06-15T22:46"
    },
    {
        "ean": "3525194",
        "business_type": "food",
        "categories": [
            {
                "label": "Thés"
            }
        ],
        "market": {
            "name": "Naturalia",
            "country": "FR",
            "address": "Paris"
        },
        "lang_desc": {
            "fr": {
                "title": "THÉ VERT GRAND CRU CHUN CHA - 90 SACHETS",
                "desc": "Thé vert Grand Cru Chun Cha - 90 sachets\nCe grand cru Thé Vert CHUN CHA est remarquable par sa douceur et sa richesse en anti-oxydants.\nThé Chun Cha jeunes feuilles\nTeneur élevée en catéchine EGCG, puissant anti-oxydant (environ 9g pour 100g de thé). Teneur élevée en polyphénols et dissolution rapide des catéchines dans l'infusion.\nLes feuilles du thé vert sont uniquement traitées à la vapeur à basse température puis séchées et roulées. Ainsi le thé vert garde toutes ses précieuses propriétés anti-oxydantes, n’ayant pas subi de transformation, ni de fermentation.\nLe thé vert a une grande richesse en tanins. Ces composés tanniques renferment les polyphénols, Les polyphénols anti-oxydants du thé sont les catéchines, les théaflavines et les théarubigines. Dans le thé vert, toutes les catécchines sont préservées et c’est ce qui lui donne ses remarquables propriétés par rapport au thé noir. Dans le thé noir, une partie des catéchines est transformée en théaflavines et théarubigines.\nUne catéchine spécifique du thé vert, nommée « Épigallocatéchine gallate » ou EGCG, est notamment des plus intéressante pour protéger, préserver les tissus de l’organisme contre les agressions et certains processus de cancérisation. Des études épidémiologiques ont confirmé les effets protecteurs du thé vert dans les régions de grands buveurs de thé vert.\nLe thé vert contient 10 fois plus de catéchine épigallocatéchine EGCG que le thé noir et 2,5 fois plus que le thé oolong.",
                "images": [
                    "https://media.naturalia.fr/media/catalog/product/cache/c97961dbe2ef8ae9072b778469b58f9a/3/7/3700110008275.1-0003.jpg"
                ],
                "links": {
                    "links_self": "https://www.naturalia.fr/produit/the-vert-grand-cru-90inf-3525194"
                }
            }
        },
        "evolutions": [
            {
                "parsing_date": "2025-06-15T22:47",
                "availability": true,
                "ingredients": "Thé vert* (60%), thé vert au jasmin* (28%), thé pu-erh* (12%)\n*Ingrédient issu de l'agriculture biologique\nInfusettes apportant un dosage précis, une meilleure dissolution des principes actifs, une économie de thé.",
                "on_discount": false,
                "price_per_packaging": 30.79,
                "price_per_unit": 171.06,
                "offers": [
                    {
                        "description": {
                            "fr": {
                                "desc": "Prix Spécial 30.79 €"
                            }
                        },
                        "requiredProductQuantity": 1
                    }
                ],
                "mode_d_emploi": "Préparer une petite théière avec 2 infusettes. Verser une eau non bouillante, environ 60°.\nLaisser infuser 3 minutes environ.",
                "conservation": "Conserver à l'abri de la chaleur et de l'humidité."
            }
        ],
        "created_at": "2025-06-15T22:46",
        "updated_at": "2025-06-15T22:46"
    },
    {
        "ean": "the-vert-grand-cru-60g",
        "business_type": "food",
        "categories": [
            {
                "label": "Thés"
            }
        ],
        "market": {
            "name": "Naturalia",
            "country": "FR",
            "address": "Paris"
        },
        "lang_desc": {
            "fr": {
                "title": "THÉ VERT GRAND CRU CHUN CHA - 30 SACHETS BIO",
                "desc": "Thé Vert Grand Cru Chun Cha- 30 sachets Bio\nLa légende raconte que dans le Zhejiang, il existait un jardin à nul autre pareil. La paix qui y régnait et la beauté de sa végétation étaient inégalables. Mais il fallait une âme parfaitement pure pour y accéder. Seule une jeune fille atteignit un jour ce havre de paix et y but un thé vert exquis, le Chun Cha. Au couchant, elle quitta le jardin et ne le retrouva jamais…\nAujourd’hui, les Thés de la Pagode restituent intacts les bienfaits du Chun Cha, qui signifie \"thé de la pureté\" en mandarin.\n\nAu goût doux et rond en bouche, le thé vert est riche de nombreuses vertus bien-être grâce aux antioxydants qu'il contient. C'est un allié minceur de choixcar il augmente le métabolisme et aide au contrôle du poids dans le cadre d'une alimentation variée et équilibrée. Il est conseillé d’en consommer au moins 1 infusette par jour.\n30 Sachets.\nProduit issu de l'agriculture biologique.",
                "images": [
                    "https://media.naturalia.fr/media/catalog/product/cache/c97961dbe2ef8ae9072b778469b58f9a/3/7/3700110008275.1-0003.jpg"
                ],
                "links": {
                    "links_self": "https://www.naturalia.fr/produit/the-vert-grand-cru-60g"
                }
            }
        },
        "evolutions": [
            {
                "parsing_date": "2025-06-15T22:47",
                "availability": true,
                "ingredients": "Thé vert* (60%), thé vert au jasmin* (28%), thé pu-erh* (12%).\n*Issus de l’Agriculture Biologique.",
                "on_discount": false,
                "weight_per_packaging": 60.0,
                "price_per_packaging": 13.69,
                "price_per_unit": 228.17,
                "offers": [
                    {
                        "description": {
                            "fr": {
                                "desc": "Prix Spécial 13.69 €"
                            }
                        },
                        "requiredProductQuantity": 1
                    }
                ],
                "mode_d_emploi": "Préparer une petite théière avec 2 infusettes. Verser une eau non bouillante, environ 60°.\nLaisser infuser 4 minutes environ.",
                "conservation": "A conserver dans un endroit sec et température ambiante."
            }
        ],
        "created_at": "2025-06-15T22:46",
        "updated_at": "2025-06-15T22:46"
    },
    {
        "ean": "3525198",
        "business_type": "food",
        "categories": [
            {
                "label": "Thés"
            }
        ],
        "market": {
            "name": "Naturalia",
            "country": "FR",
            "address": "Paris"
        },
        "lang_desc": {
            "fr": {
                "title": "THÉ PU ERH HAO LING CHOLESTÉROL - 90 INFUSIONS BIO",
                "desc": "Thé Pu Erh Hao Ling Cholestérol - 90 infusions Bio\nHao Ling : ses bienfaits confirmés par une étude scientifique ! Un essai scientifique contrôlé a démontré l'effet de Hao Ling sur l'augmentation des facteurs cardiovasculaires protecteurs et la diminution des triglycérides.\nLe thé Hao Ling est un thé bio pu-erh très rare de la province du Yunnan en Chine. Il est cultivé dans la région des « Six Montagnes du Thé », selon la méthode traditionnelle chinoise qui lui confère son goût fin et subtil. Il est obtenu après une fermentation longue des feuilles de thé, suivie d'une post-fermentation qui peut aller de quelques semaines à plusieurs mois selon le goût que l'on veut obtenir. Ce thé pu-erh est reconnu et apprécié pour ses arômes ronds et doux en bouche.\nLe thé offre de nombreuses vertus, notamment pour contrôler le taux de mauvais cholestérol, ainsi que pour la digestion. Il vous aidera à retrouver une sensation de légèreté après les repas.\nCe produit est un complément alimentaire.",
                "images": [
                    "https://media.naturalia.fr/media/catalog/product/cache/c97961dbe2ef8ae9072b778469b58f9a/2/3/23231_noir_earl_grey_ffl_100g.jpg"
                ],
                "links": {
                    "links_self": "https://www.naturalia.fr/produit/the-hao-ling-cholesterol-90inf-3525198"
                }
            }
        },
        "evolutions": [
            {
                "parsing_date": "2025-06-15T22:47",
                "availability": true,
                "ingredients": "Thé pu-erh bio (60%), thé vert au jasmin bio (20%), thé wulong bio (20%).",
                "on_discount": false,
                "price_per_packaging": 45.69,
                "price_per_unit": 203.07,
                "offers": [
                    {
                        "description": {
                            "fr": {
                                "desc": "Prix Spécial 45.69 €"
                            }
                        },
                        "requiredProductQuantity": 1
                    }
                ],
                "mode_d_emploi": "Préparer le thé Hao Ling en laissant infuser 2 à 3 infusettes pendant 5 à 6 minutes dans une théière avec une eau presque bouillante puis retirer les infusettes.\nVerser la préparation dans un thermos d'un litre et boire chaud ou tiède tout au long de la journée, autour et en dehors des repas.\nUne infusette permet la préparation de plusieurs tasses.",
                "conservation": "A conserver dans un endroit sec et à l'abri de la lumière."
            }
        ],
        "created_at": "2025-06-15T22:46",
        "updated_at": "2025-06-15T22:46"
    },
    {
        "ean": "3525185",
        "business_type": "food",
        "categories": [
            {
                "label": "Thés"
            }
        ],
        "market": {
            "name": "Naturalia",
            "country": "FR",
            "address": "Paris"
        },
        "lang_desc": {
            "fr": {
                "title": "THÉ PU ERH HAO LING CHOLESTÉROL - 30 INFUSIONS BIO",
                "desc": "Thé Pu Erh hao Ling Cholestérol - 30 infusions Bio\nLe thé est reconnu pour contribuer à une bonne santé cardiovasculaire.\nIl aide à maintenir des taux de cholestérol sains, diminuer l'absorption des graisses et prévenir l'accumulation des triglycérides.\nLe thé Hao Ling est un thé bio pu-erh très rare de la province du Yunnan en Chine. Il est cultivé dans la région des « Six Montagnes du Thé », selon la méthode traditionnelle chinoise qui lui confère son goût fin et subtil. Il est obtenu après une fermentation longue des feuilles de thé, suivie d'une post-fermentation qui peut aller de quelques semaines à plusieurs mois selon le goût que l'on veut obtenir. Ce thé pu-erh est reconnu et apprécié pour ses arômes ronds et doux en bouche.Le thé offre de nombreuses vertus, notamment pour contrôler le taux de mauvais cholestérol, ainsi que pour la digestion. Il vous aidera à retrouver une sensation de légèreté après les repas.",
                "images": [
                    "https://media.naturalia.fr/media/catalog/product/cache/c97961dbe2ef8ae9072b778469b58f9a/3/5/3582810473320.1-0002.jpg"
                ],
                "links": {
                    "links_self": "https://www.naturalia.fr/produit/the-hao-ling-cholesterol-30inf-3525185"
                }
            }
        },
        "evolutions": [
            {
                "parsing_date": "2025-06-15T22:47",
                "availability": true,
                "ingredients": "Thé pu-erh bio (60%), thé vert au jasmin bio (20%), thé wulong bio (20%).",
                "on_discount": false,
                "price_per_packaging": 20.95,
                "price_per_unit": 279.33,
                "offers": [
                    {
                        "description": {
                            "fr": {
                                "desc": "Prix Spécial 20.95 €"
                            }
                        },
                        "requiredProductQuantity": 1
                    }
                ],
                "mode_d_emploi": "Préparer le thé Hao Ling en laissant infuser 2 à 3 infusettes pendant 5 à 6 minutes dans une théière avec une eau presque bouillante puis retirer les infusettes.\nVerser la préparation dans un thermos d'un litre et boire chaud ou tiède tout au long de la journée, autour et en dehors des repas.\nUne infusette permet la préparation de plusieurs tasses.",
                "conservation": "A conserver dans un endroit sec et à l'abri de la chaleur."
            }
        ],
        "created_at": "2025-06-15T22:46",
        "updated_at": "2025-06-15T22:46"
    },
    {
        "ean": "the-genmaicha-100g",
        "business_type": "food",
        "categories": [
            {
                "label": "Thés"
            }
        ],
        "market": {
            "name": "Naturalia",
            "country": "FR",
            "address": "Paris"
        },
        "lang_desc": {
            "fr": {
                "title": "THÉ VERT GENMAICHA 100G BIO",
                "desc": "Thé vert Genmaicha 100G Bio\nLe Thé vert Genmaicha Bio d'Aromandise livre une tasse d'une grande richesse aromatique, aux vertus réconfortantes. \nThé le plus courant au Japon, le thé vert traditionnel dit \"Sencha\" se distingue des thés chinois véritablement grillés, grâce à un procédé de transformation doux. Une fois récoltées, les thés sont soumises à un bain de vapeur, puis roulées et séchées.\nLe Genmaicha, signifiant littéralement \"thé de riz brun\" est un thé qui unit les propriétés du thé vert Sencha à une céréale sans gluten très consommée en Asie, et qui n'est autre que le riz. Cette alliance judicieuse donne naissance à un breuvage au goût malté, très agréable, et aux propriétés bien-être affirmées. \nRéconfortant à souhait, le thé vert Genmaicha se consomme tout au long de la journée, aussi bien le matin que l'après-midi. \nProvenant du terroir d'Uji où sont cultivés les thés les plus réputés du pays du soleil levant, le thé vert Genmaicha est le fruit des soins pointilleux apportés aux théiers. \nCertifié biologique, il est mis en sachet sur place afin de garantir une conservation idéale de l'authenticité et de la fraîcheur originelle des précieuses feuilles de thé ainsi que du riz cultivé dans le plus grand respect de l'environnement.\nAccédez aux merveilleux jardins de thé de cette région où la culture du thé est une tradition.",
                "images": [
                    "https://media.naturalia.fr/media/catalog/product/cache/c97961dbe2ef8ae9072b778469b58f9a/3/5/3560468797050.jpg"
                ],
                "links": {
                    "links_self": "https://www.naturalia.fr/produit/the-genmaicha-100g"
                }
            }
        },
        "evolutions": [
            {
                "parsing_date": "2025-06-15T22:47",
                "format": "100G",
                "availability": true,
                "ingredients": "Feuilles de thé vert* Sencha de Kyoto 50%, riz complet* grillé de Akita 50%.\n*Ingrédients issus de l'agriculture biologique.",
                "on_discount": false,
                "weight_per_packaging": 100.0,
                "price_per_packaging": 7.95,
                "price_per_unit": 79.5,
                "offers": [
                    {
                        "description": {
                            "fr": {
                                "desc": "Prix Spécial 7.95 €"
                            }
                        },
                        "requiredProductQuantity": 1
                    }
                ],
                "mode_d_emploi": "Compter 2 g de feuilles par tasse de 10 à 20 cl, puis réaliser une seule infusion de 4 minutes dans une eau frémissante à 95° C.",
                "conservation": "A conserver dans un endroit frais et au sec."
            }
        ],
        "created_at": "2025-06-15T22:46",
        "updated_at": "2025-06-15T22:46"
    },
    {
        "ean": "the-ceremonie-matcha-50g",
        "business_type": "food",
        "categories": [
            {
                "label": "Thés"
            }
        ],
        "market": {
            "name": "Naturalia",
            "country": "FR",
            "address": "Paris"
        },
        "lang_desc": {
            "fr": {
                "title": "THÉ VERT MATCHA 50G BIO",
                "desc": "Thé vert Matcha 50g Bio\nCe thé vert matcha est fabriqué à partir de jeunes feuilles de thé de première qualité passées à la vapeur puis séchées et réduites en poudre à l'aide d'une meule de pierre.\nIl provient du prestigieux terroir de Uji qui produit les thés les plus renommés du Japon. Il a fait l'objet de soins pointilleux du verger à votre tasse. La mise en sachet est faite sur place au Japon pour garantir son authenticité et sa fraîcheur.\nCe sachet très performant assure sa conservation en conditions idéales et garantit un contact alimentaire parfaitement neutre.\nThé vert tradition poudre.",
                "images": [
                    "https://media.naturalia.fr/media/catalog/product/cache/c97961dbe2ef8ae9072b778469b58f9a/3/5/3560468797050.jpg"
                ],
                "links": {
                    "links_self": "https://www.naturalia.fr/produit/the-ceremonie-matcha-50g"
                }
            }
        },
        "evolutions": [
            {
                "parsing_date": "2025-06-15T22:47",
                "format": "50G",
                "availability": true,
                "ingredients": "Poudre de thé vert Matcha*.\n*Issus de l’Agriculture Biologique.",
                "on_discount": false,
                "weight_per_packaging": 50.0,
                "price_per_packaging": 9.99,
                "price_per_unit": 199.8,
                "offers": [
                    {
                        "description": {
                            "fr": {
                                "desc": "Prix Spécial 9.99 €"
                            }
                        },
                        "requiredProductQuantity": 1
                    }
                ],
                "mode_d_emploi": "Utilisations possibles :\nBoisson chaude : verser 60ml d'eau à 80°C sur le thé. bien mélanger.\nBoisson frappée : verser le lait ou l'eau sur le thé. bien mélanger.\nMatcha de cérémonie : verser 60 ml d'eau à 70°C sur une cuillérée à café rase de poudre de thé. Battre au fouet jusqu'à faire mousser.\nGlaces : saupoudrer sur les glaces ou incorporer dans la préparation\nPâtisserie : diluer dans la pâte à crêpes ou dans un peu d'eau tiède avant de mélanger à la préparation pour madeleines, cakes...\"Poudrer\" avant de servir.\nCuisine : Ajouter dans la pâte à beignets, ou mélanger avec du sel pour vos assaisonnements.",
                "conservation": "A conserver dans un endroit frais et sec, à l’abri de la lumière."
            }
        ],
        "created_at": "2025-06-15T22:46",
        "updated_at": "2025-06-15T22:46"
    },
    {
        "ean": "the-japonais-bancha-30g",
        "business_type": "food",
        "categories": [
            {
                "label": "Thés"
            }
        ],
        "market": {
            "name": "Naturalia",
            "country": "FR",
            "address": "Paris"
        },
        "lang_desc": {
            "fr": {
                "title": "THÉ VERT JAPONAIS BANCHA TORRÉFIÉ 30G BIO",
                "desc": "Thé vert japonais Bancha torréfié 30G Bio\n  Le Thé vert Bancha torréfié (Hojicha) Bio d'Aromandise est un grand classique du terroir traditionnel d'Uji, apprécié pour ses vertus fortifiantes. \nLes thés verts du Japon regorgent de bienfaits pour les équilibres internes, mais aussi pour les papilles, toujours avides de plaisirs gourmands. Thé spécifique d'une très grande richesse aromatique et gustative, le thé vert Bancha hojicha offre un breuvage précieux, extrêmement apprécié au pays du soleil levant. Alors que son goût boisé, noiseté et ambré apporte une sensation de bien-être très appréciable, ses vertus fortifiantes sont particulièrement pertinentes au cours des longues soirées de dégustation. Adapté à toute la famille, il offre un délicieux moment de partage. \nObtenu à partir de feuilles de théier récoltées en été, dans les jardins ancestraux de la région d'Uji, au Japon, ce thé vert est ensuite soumis à torréfaction grâce à des billes de porcelaine chauffées à 300° C. Atténuant l'amertume du thé, ce procédé permet de parer les feuilles de thé vert d'accents boisés et ambrés. Pour une conservation optimale de l'authenticité et de la fraîcheur du thé, les feuilles, une fois préparées, sont mises en sachet sur place. Certifié biologique, bon et bénéfique, ce thé vert d'exception vous réconfortera au cours de vos soirées en famille ou entre amis.",
                "images": [
                    "https://media.naturalia.fr/media/catalog/product/cache/c97961dbe2ef8ae9072b778469b58f9a/3/5/3560467100011.jpg"
                ],
                "links": {
                    "links_self": "https://www.naturalia.fr/produit/the-japonais-bancha-30g"
                }
            }
        },
        "evolutions": [
            {
                "parsing_date": "2025-06-15T22:47",
                "format": "30G",
                "availability": true,
                "ingredients": "Feuilles de thé vert torréfiées issues de l'agriculture biologique.",
                "on_discount": false,
                "weight_per_packaging": 30.0,
                "price_per_packaging": 5.25,
                "price_per_unit": 175.0,
                "offers": [
                    {
                        "description": {
                            "fr": {
                                "desc": "Prix Spécial 5.25 €"
                            }
                        },
                        "requiredProductQuantity": 1
                    }
                ],
                "mode_d_emploi": "Compter 2 g de feuilles par tasse de 10 à 20 cl puis réaliser une seule infusion de 3 minutes dans une eau frémissante à 95° C.",
                "conservation": "A conserver au frais et au sec."
            }
        ],
        "created_at": "2025-06-15T22:46",
        "updated_at": "2025-06-15T22:46"
    },
    {
        "ean": "the-vert-sencha-85g",
        "business_type": "food",
        "categories": [
            {
                "label": "Thés"
            }
        ],
        "market": {
            "name": "Naturalia",
            "country": "FR",
            "address": "Paris"
        },
        "lang_desc": {
            "fr": {
                "title": "THÉ VERT SENCHA 85G BIO",
                "desc": "Thé Vert Sencha 85g Bio\nUn des thés le plus populaire au Japon.\nSavoureux, riche, et possède un gout doux légèrement amer.\nLes thés sencha on un gout et arome agréable car tous les thés vert japonais sont préparés en vapeur (donc pas cuit) pour préserver leurs gout naturelle.\nUn gout savoureux, riche qui laisse une sensation légèrement piquante sur la langue.\nTonique.",
                "images": [
                    "https://media.naturalia.fr/media/catalog/product/cache/c97961dbe2ef8ae9072b778469b58f9a/4/0/4012824402799-min.jpg"
                ],
                "links": {
                    "links_self": "https://www.naturalia.fr/produit/the-vert-sencha-85g"
                }
            }
        },
        "evolutions": [
            {
                "parsing_date": "2025-06-15T22:48",
                "format": "85G",
                "availability": true,
                "ingredients": "Feuilles de thé vert*.\n*Issu de l’Agriculture Biologique.",
                "on_discount": false,
                "weight_per_packaging": 85.0,
                "price_per_packaging": 10.49,
                "price_per_unit": 123.41,
                "offers": [
                    {
                        "description": {
                            "fr": {
                                "desc": "Prix Spécial 10.49 €"
                            }
                        },
                        "requiredProductQuantity": 1
                    }
                ],
                "mode_d_emploi": "Remplir les tasses d'eau bouillante.\nVerser une pleine cuillère à café de thé dans la théière.\nVerser doucement le contenu des tasses dans la théière.\nLaisser infuser 40 à 50 secondes, le temps que les feuilles se réhydratent, puis verser le thé dans les tasses.\nIl stimule l'esprit grâce à 4 utilisations possibles :\nBoisson chaude.\nBoisson frappée.\nMatcha traditionnel battu.\nIncorporé aux pâtisseries et aux glaces.\nUne fois l'emballage ouvert, consommer rapidement.",
                "conservation": "A conserver dans un endroit frais et sec, à l’abri de la lumière."
            }
        ],
        "created_at": "2025-06-15T22:46",
        "updated_at": "2025-06-15T22:46"
    },
    {
        "ean": "the-noir-gout-russe-100g",
        "business_type": "food",
        "categories": [
            {
                "label": "Thés"
            }
        ],
        "market": {
            "name": "Naturalia",
            "country": "FR",
            "address": "Paris"
        },
        "lang_desc": {
            "fr": {
                "title": "THÉ NOIR CONGOU GOÛT RUSSE 100G BIO",
                "desc": "Thé noir Congou goût Russe 100G Bio\nLe Thé noir de Chine goût Russe Bio de Destination Bio est un excellent mélange aux accents réconfortants et chauds. \nTraditionnellement, le thé noir \"goût Russe\" est composé d'un mélange de thés de Chine et d'Inde parfumés ou non avec des arômes naturels d'agrumes. L'appellation est le fruit de l'Histoire, les thés \"goût Russe\" ayant avant tout désigné les thés consommés régulièrement en Russie, depuis le XVIIe siècle. Si les thés noirs chinois ont été les premiers consommés, le pays continent diversifie ensuite ses importations, découvrant les thés d'Inde. Le présent Thé noir goût Russe ne renferme que des thés charpentés du sud-ouest de la Chine et sont délicatement aromatisés pour ne pas altérer la belle intensité des feuilles de thé noir. Orange,bergamote et mandarine subliment le thé noir en lui apportant de précieux arômes gourmands, délicieusement gorgés de soleil.\nParé d'une belle robe cuivrée et d'une texture douce, totalement dénuée d'agressivité, ce thé noir de Chine offre une boisson réconfortante auréolée de tonalités fraîches et fruitées. Appréciable à toute heure de la journée, ce thé noir fait merveille au petit-déjeuner ou au goûter, en accompagnement d'une part de gâteau au chocolat ou de sablés à la fleur d'oranger. Plongez dans le somptueux univers de la cour de Russie du XIXe siècle !",
                "images": [
                    "https://media.naturalia.fr/media/catalog/product/cache/c97961dbe2ef8ae9072b778469b58f9a/3/5/3560467100042.jpg"
                ],
                "links": {
                    "links_self": "https://www.naturalia.fr/produit/the-noir-gout-russe-100g"
                }
            }
        },
        "evolutions": [
            {
                "parsing_date": "2025-06-15T22:48",
                "format": "100G",
                "availability": true,
                "ingredients": "Thé noir bio de Chine 95,5%. Arôme naturel agrumes bio 4,5%.\nProduits issus du commerce équitable.",
                "on_discount": false,
                "weight_per_packaging": 100.0,
                "price_per_packaging": 9.75,
                "price_per_unit": 97.5,
                "offers": [
                    {
                        "description": {
                            "fr": {
                                "desc": "Prix Spécial 9.75 €"
                            }
                        },
                        "requiredProductQuantity": 1
                    }
                ],
                "mode_d_emploi": "Laisser infuser 4 minutes à 95° C.",
                "conservation": "A conserver dans un endroit frais et sec."
            }
        ],
        "created_at": "2025-06-15T22:46",
        "updated_at": "2025-06-15T22:46"
    },
    {
        "ean": "the-noir-earl-grey-mh-100g",
        "business_type": "food",
        "categories": [
            {
                "label": "Thés"
            }
        ],
        "market": {
            "name": "Naturalia",
            "country": "FR",
            "address": "Paris"
        },
        "lang_desc": {
            "fr": {
                "title": "THÉ NOIR EARL GREY CEYLAN 100G BIO",
                "desc": "Thé noir Earl Grey Ceylan 100G Bio\nMélange de thé noir originaire de la James Valley et d'une préparation bergamote, croisement oranger et citronnier.\nDoux et fruité.",
                "images": [
                    "https://media.naturalia.fr/media/catalog/product/cache/c97961dbe2ef8ae9072b778469b58f9a/4/2/42282181.v2.jpg"
                ],
                "links": {
                    "links_self": "https://www.naturalia.fr/produit/the-noir-earl-grey-mh-100g"
                }
            }
        },
        "evolutions": [
            {
                "parsing_date": "2025-06-15T22:48",
                "format": "100G",
                "availability": true,
                "ingredients": "Thé noir*de ceylan, arôme naturel de bergamote* 3%.\n*Issu de l'Agriculture Biologique.\nCe produit est issu du commerce équitable.",
                "on_discount": false,
                "weight_per_packaging": 100.0,
                "price_per_packaging": 8.29,
                "price_per_unit": 82.9,
                "offers": [
                    {
                        "description": {
                            "fr": {
                                "desc": "Prix Spécial 8.29 €"
                            }
                        },
                        "requiredProductQuantity": 1
                    }
                ],
                "mode_d_emploi": "L'infusion donne une tasse pétillante de fraîcheur qui peut être consommée à tout moment.\nInfusion : 95°C - 4 à 5 minutes.",
                "conservation": "A conserver dans un endroit frais et sec, à l’abri de la lumière."
            }
        ],
        "created_at": "2025-06-15T22:46",
        "updated_at": "2025-06-15T22:46"
    },
    {
        "ean": "the-vert-menthe-maroc-mh-100g",
        "business_type": "food",
        "categories": [
            {
                "label": "Thés"
            }
        ],
        "market": {
            "name": "Naturalia",
            "country": "FR",
            "address": "Paris"
        },
        "lang_desc": {
            "fr": {
                "title": "THÉ VERT À LA MENTHE 100G BIO",
                "desc": "Thé vert à la menthe 100G Bio\nLe thé vert BIO à la menthe est la rencontre entre le thé vert Gunpowder, cultivé dans la province d'Hubei, et la saveur de la menthe naturelle marocaine \"Nanah\".\nExcellent thé de détente, cette boisson traditionnelle d'Afrique du Nord se déguste très chaud et sucré.\nStimulant et rafraîchissant, il accompagne à la perfection les moments de convivialité. Le thé Menthe verte s'infuse plus particulièrement après le repas ou dans l'après midi.\nFrais et corsé.",
                "images": [
                    "https://media.naturalia.fr/media/catalog/product/cache/c97961dbe2ef8ae9072b778469b58f9a/3/7/3760011134312.1-1500.jpg"
                ],
                "links": {
                    "links_self": "https://www.naturalia.fr/produit/the-vert-menthe-maroc-mh-100g"
                }
            }
        },
        "evolutions": [
            {
                "parsing_date": "2025-06-15T22:48",
                "format": "100G",
                "availability": true,
                "ingredients": "Thé vert*\" de Chine 96%, extrait de menthe* crépue 4%.",
                "on_discount": false,
                "weight_per_packaging": 100.0,
                "price_per_packaging": 8.45,
                "price_per_unit": 84.5,
                "offers": [
                    {
                        "description": {
                            "fr": {
                                "desc": "Prix Spécial 8.45 €"
                            }
                        },
                        "requiredProductQuantity": 1
                    }
                ],
                "mode_d_emploi": "Il se déguste très chaud et très sucré à tout moment.\n85°C- 2 à 3 minutes."
            }
        ],
        "created_at": "2025-06-15T22:46",
        "updated_at": "2025-06-15T22:46"
    },
    {
        "ean": "the-noir-darjeeling-d-ete-100g",
        "business_type": "food",
        "categories": [
            {
                "label": "Thés"
            }
        ],
        "market": {
            "name": "Naturalia",
            "country": "FR",
            "address": "Paris"
        },
        "lang_desc": {
            "fr": {
                "title": "THÉ NOIR DARJEELING D'ÉTÉ 100G BIO",
                "desc": "Thé noir Darjeeling d'été 100G Bio\nLe thé noir \"Darjeeling d'été\", aux feuilles tendres et bourgeons dorés, est issu d’une fine cueillette d’été dans le jardin de Makaïbari en Inde, juste en contrebas de Darjeeling.\nAvec ses fragrances de pêche, ce thé bio surprend par l'intensité de son infusion et son excellente longueur en bouche.\nSachet de 100g.",
                "images": [
                    "https://media.naturalia.fr/media/catalog/product/cache/c97961dbe2ef8ae9072b778469b58f9a/3/5/3560467100042.jpg"
                ],
                "links": {
                    "links_self": "https://www.naturalia.fr/produit/the-noir-darjeeling-d-ete-100g"
                }
            }
        },
        "evolutions": [
            {
                "parsing_date": "2025-06-15T22:48",
                "format": "100G",
                "availability": true,
                "ingredients": "Thé noir* Darjeeling 1st Flush Inde.\n*issus de l’agriculture biologique.",
                "on_discount": false,
                "weight_per_packaging": 100.0,
                "price_per_packaging": 8.7,
                "price_per_unit": 87.0,
                "offers": [
                    {
                        "description": {
                            "fr": {
                                "desc": "Prix Spécial 8.70 €"
                            }
                        },
                        "requiredProductQuantity": 1
                    }
                ],
                "conservation": "A conserver dans un endroit frais et sec."
            }
        ],
        "created_at": "2025-06-15T22:46",
        "updated_at": "2025-06-15T22:46"
    },
    {
        "ean": "the-vert-earl-grey-80g",
        "business_type": "food",
        "categories": [
            {
                "label": "Thés"
            }
        ],
        "market": {
            "name": "Naturalia",
            "country": "FR",
            "address": "Paris"
        },
        "lang_desc": {
            "fr": {
                "title": "THÉ VERT EARL GREY 80G BIO",
                "desc": "Thé vert Earl Grey 80G Bio\nCe thé vert Earl Grey provient de la James Valley, lieu originel du thé de Celyan, où il se voit cultiver par l'association des petits producteurs biologiques.\nUne harmonie parfaite entre la nature et l'homme.\nNon fermenté, le thé Earl grey a préservé l'ensemble de ses arômes délicats et légèrement corsé.\nSon association avec la bergamote d'Italie lui offre également fraîcheur et tonicité.\nRécolté au printemps, cette infusion délivre de véritable notes fruitées tout en finesse.\nAyant peu de théine, le thé vert Earl Grey se déguste avec plaisir à tout moment de la journée.\nCertifié bio, cette délicieuse boisson ravira vos papilles naturellement pour un véritable voyage des sens.",
                "images": [
                    "https://media.naturalia.fr/media/catalog/product/cache/c97961dbe2ef8ae9072b778469b58f9a/8/7/871561004673.p5-1500j.jpg"
                ],
                "links": {
                    "links_self": "https://www.naturalia.fr/produit/the-vert-earl-grey-80g"
                }
            }
        },
        "evolutions": [
            {
                "parsing_date": "2025-06-15T22:48",
                "format": "80G",
                "availability": true,
                "ingredients": "Thé vert*(1) Ceylan 97%, extrait de bergamote* 3%.\n* issu de l'agriculture biologique.\n(1) produits issus du commerce équitable.",
                "on_discount": false,
                "weight_per_packaging": 80.0,
                "price_per_packaging": 8.69,
                "price_per_unit": 108.62,
                "offers": [
                    {
                        "description": {
                            "fr": {
                                "desc": "Prix Spécial 8.69 €"
                            }
                        },
                        "requiredProductQuantity": 1
                    }
                ],
                "mode_d_emploi": "Se déguste toute la journée.",
                "conservation": "Conserver à l'abri de la chaleur et de l'humidité."
            }
        ],
        "created_at": "2025-06-15T22:46",
        "updated_at": "2025-06-15T22:46"
    },
    {
        "ean": "babouchka-russe-100g",
        "business_type": "food",
        "categories": [
            {
                "label": "Thés"
            }
        ],
        "market": {
            "name": "Naturalia",
            "country": "FR",
            "address": "Paris"
        },
        "lang_desc": {
            "fr": {
                "title": "THÉ NOIR BABOUCHKA RUSSE 100G BIO",
                "desc": "Thé noir Babouchka Russe 100g Bio\nDouce nostalgie…\nAssociation particulière de thés noirs parfumés aux essences naturelles d’agrumes, très légèrement dominée par la bergamote, parfum très enveloppé d’une absolue harmonie.\nExcellente alternative à l’Earl Grey.",
                "images": [
                    "https://media.naturalia.fr/media/catalog/product/cache/c97961dbe2ef8ae9072b778469b58f9a/8/7/871561004888.1-1500j.jpg"
                ],
                "links": {
                    "links_self": "https://www.naturalia.fr/produit/babouchka-russe-100g"
                }
            }
        },
        "evolutions": [
            {
                "parsing_date": "2025-06-15T22:48",
                "format": "100G",
                "availability": true,
                "ingredients": "Thé noir*°, arômes naturels : pamplemousse*, huile essentielle de bergamote*, d'orange*, de citron*, de mandarine*, feuilles de fraisier*\n*produit issu de l'agriculture biologique\n° produit issu du commerce équitable",
                "on_discount": false,
                "weight_per_packaging": 100.0,
                "price_per_packaging": 7.95,
                "price_per_unit": 79.5,
                "offers": [
                    {
                        "description": {
                            "fr": {
                                "desc": "Prix Spécial 7.95 €"
                            }
                        },
                        "requiredProductQuantity": 1
                    }
                ],
                "mode_d_emploi": "Temps d'infusion : 3 - 4 min\nTempérature : 90°C\nDégustation : Journée\nTheine : Théine",
                "conservation": "A conserver dans un endroit frais et sec."
            }
        ],
        "created_at": "2025-06-15T22:46",
        "updated_at": "2025-06-15T22:46"
    },
    {
        "ean": "the-vert-levant-100g",
        "business_type": "food",
        "categories": [
            {
                "label": "Thés"
            }
        ],
        "market": {
            "name": "Naturalia",
            "country": "FR",
            "address": "Paris"
        },
        "lang_desc": {
            "fr": {
                "title": "THÉ VERT DÉLICES DU LEVANT 100G BIO",
                "desc": "Thé vert délices du levant 100g Bio\nLaissez-vous séduire par notre thé bio Délice du Levant, un voyage gourmand au cœur du Japon.\nSavourez la douceur naturelle de ce thé vert, la variété la plus appréciée au Japon, enrichi d’ingrédients typiques comme le ginkgo biloba, symbole emblématique de Tokyo, ainsi que la poire nashi et la pêche, qui apportent leurs délicieuses notes sucrées et acidulées. Découvrez ainsi un thé bio à la poire et à la pêche qui éveille les sens et invite à la détente.\nCe mélange d’exception est élaboré à partir de thé vert bio premium, sublimé par du cynorhodon bio, des arômes naturels de pêche, et des morceaux de poire et de pêche bio. Le mariage subtil du ginkgo biloba, symbole de Tokyo, avec la douceur fruitée de la poire nashi et la fraîcheur acidulée de la pêche, offre une expérience gustative unique. Laissez-vous transporter au Japon, pays du soleil levant, grâce à cette recette exclusive.\nEnvie d’un thé glacé ? Notre thé poire-pêche se prête à merveille à une préparation fraîche et gourmande. Découvrez notre recette maison pour un thé glacé doux et fruité, et explorez nos autres parfums pour varier les plaisirs.",
                "images": [
                    "https://media.naturalia.fr/media/catalog/product/cache/c97961dbe2ef8ae9072b778469b58f9a/4/0/4012824000179-min.jpg"
                ],
                "links": {
                    "links_self": "https://www.naturalia.fr/produit/the-vert-levant-100g"
                }
            }
        },
        "evolutions": [
            {
                "parsing_date": "2025-06-15T22:48",
                "format": "100G",
                "availability": true,
                "ingredients": "Thé vert bio, cynorhodon bio, morceaux de poire bio (poire bio, farine de riz bio), ginkgo bio, arôme naturel de pêche, morceaux de pêche bio.",
                "on_discount": false,
                "weight_per_packaging": 100.0,
                "price_per_packaging": 8.89,
                "price_per_unit": 88.9,
                "offers": [
                    {
                        "description": {
                            "fr": {
                                "desc": "Prix Spécial 8.89 €"
                            }
                        },
                        "requiredProductQuantity": 1
                    }
                ],
                "mode_d_emploi": "Infuser 2g dans de l'eau à 80°C pendant 3 minutes. A consommer jusqu'en milieu d'après-midi.",
                "conservation": "A conserver dans un endroit frais et sec."
            }
        ],
        "created_at": "2025-06-15T22:46",
        "updated_at": "2025-06-15T22:46"
    },
    {
        "ean": "the-vert-amande-coco-100g",
        "business_type": "food",
        "categories": [
            {
                "label": "Thés"
            }
        ],
        "market": {
            "name": "Naturalia",
            "country": "FR",
            "address": "Paris"
        },
        "lang_desc": {
            "fr": {
                "title": "THÉ VERT AMANDE ET COCO 100G BIO",
                "desc": "Thé vert amande et coco 100g Bio\nDécouvrez un thé vert Sencha bio délicatement parfumé, où la douceur de l’amande rencontre l’exotisme envoûtant de la noix de coco. Sublimé par la subtilité du noyau d’abricot et une pointe d’épices, ce mélange gourmand promet une expérience gustative raffinée.\nCette recette exclusive est composée de :\n- Thé Vert Sencha : un thé de haute qualité, riche en antioxydants, aux feuilles délicates et savoureuses.\n- Amande : apporte douceur et gourmandise, rappelant les saveurs de la frangipane.\n- Noix de coco : ajoute une note exotique et fraîche qui équilibre parfaitement l’amande.\n- Noyau d’abricot : enrichit le mélange d’une touche fruitée subtile et raffinée.\nL’amande offre une douceur réconfortante, tandis que la noix de coco insuffle une fraîcheur exotique. Ensemble, elles subliment la délicatesse naturelle du Sencha, évoquant la gourmandise de la frangipane pour une infusion équilibrée et mémorable.\nIdéal tout au long de la journée, jusqu’en fin d’après-midi, le Thé Vert Amande & Coco se savoure aussi bien chaud que glacé. Pour révéler tous ses arômes, faites infuser 3 minutes dans de l’eau à 80°C. Il accompagne à merveille les desserts, ajoutant une note élégante et gourmande à vos pauses sucrées.",
                "images": [
                    "https://media.naturalia.fr/media/catalog/product/cache/c97961dbe2ef8ae9072b778469b58f9a/3/7/3700110055620.jpg"
                ],
                "links": {
                    "links_self": "https://www.naturalia.fr/produit/the-vert-amande-coco-100g"
                }
            }
        },
        "evolutions": [
            {
                "parsing_date": "2025-06-15T22:48",
                "format": "100G",
                "availability": true,
                "ingredients": "Thé vert Sencha bio, Arômes naturels (amande, noix de coco, noyau d’abricot et épices), Morceaux d’amande bio, Noix de coco râpée bio.",
                "allergens": [
                    "Fruits à coque"
                ],
                "on_discount": false,
                "weight_per_packaging": 100.0,
                "price_per_packaging": 10.49,
                "price_per_unit": 104.9,
                "offers": [
                    {
                        "description": {
                            "fr": {
                                "desc": "Prix Spécial 10.49 €"
                            }
                        },
                        "requiredProductQuantity": 1
                    }
                ],
                "mode_d_emploi": "Infuser 2g dans de l'eau à 80°C pendant 3 minutes. A consommer jusqu'en milieu d'après-midi.",
                "conservation": "A conserver dans un endroit frais et sec."
            }
        ],
        "created_at": "2025-06-15T22:46",
        "updated_at": "2025-06-15T22:46"
    },
    {
        "ean": "rooibos-digestao-36g",
        "business_type": "food",
        "categories": [
            {
                "label": "Thés"
            }
        ],
        "market": {
            "name": "Naturalia",
            "country": "FR",
            "address": "Paris"
        },
        "lang_desc": {
            "fr": {
                "title": "ROOIBOS DIGESTAO X18 BIO",
                "desc": "Rooibos Digestao x18 Bio\nL’infusion Digestao® : pour une digestion apaisée après un repas copieux\nCette infusion à base de rooibos bio associe quatre plantes biologiques soigneusement sélectionnées pour leurs bienfaits sur le système digestif : mauve, genévrier, fenugrec et gingembre. \nUne infusion bio au service de votre digestion\nLe rooibos, originaire d’Afrique du Sud, est naturellement riche en flavonoïdes et sans théine, ce qui le rend idéal à consommer même le soir après un repas lourd. La combinaison du fenugrec, de la baie de genévrier, de la mauve et du gingembre soutient efficacement la digestion et procure un véritable confort digestif. Pour compléter cette synergie, la menthe poivrée, la mélisse et la fleur de sureau apportent des notes fraîches et mentholées, parfaites pour une sensation de légèreté après le repas — une alternative douce à l’anis traditionnellement utilisé dans les infusions digestives.\nUn mélange de plantes aux vertus reconnues :\n- Baie de genévrier : aide à maintenir une digestion harmonieuse\n- Mauve : riche en mucilages et flavonoïdes, elle contribue au bien-être digestif\n- Gingembre : soutient la digestion et apporte confort\n- Fenugrec : favorise une digestion apaisée\nUne infusion 100 % bio, pensée pour le plaisir et l’efficacité",
                "images": [
                    "https://media.naturalia.fr/media/catalog/product/cache/c97961dbe2ef8ae9072b778469b58f9a/8/7/8711138671636.p5-1500j.jpg"
                ],
                "links": {
                    "links_self": "https://www.naturalia.fr/produit/rooibos-digestao-36g"
                }
            }
        },
        "evolutions": [
            {
                "parsing_date": "2025-06-15T22:49",
                "availability": true,
                "ingredients": "Rooibos bio, mélisse bio, baie de genévrier bio, mauve bio, menthe poivrée bio, gingembre bio, extrait sec concentré de fenugrec bio, fleur de sureau bio, gomme d'acacia bio.",
                "on_discount": false,
                "price_per_packaging": 9.95,
                "price_per_unit": 276.39,
                "offers": [
                    {
                        "description": {
                            "fr": {
                                "desc": "Prix Spécial 9.95 €"
                            }
                        },
                        "requiredProductQuantity": 1
                    }
                ],
                "mode_d_emploi": "Infuser un sachet dans 20cl d'eau à 90°C pendant 4 minutes. A consommer tout au long de la journée et en soirée.",
                "conservation": "A conserver dans un endroit frais et sec."
            }
        ],
        "created_at": "2025-06-15T22:46",
        "updated_at": "2025-06-15T22:46"
    },
    {
        "ean": "the-vert-sublime-friandise",
        "business_type": "food",
        "categories": [
            {
                "label": "Thés"
            }
        ],
        "market": {
            "name": "Naturalia",
            "country": "FR",
            "address": "Paris"
        },
        "lang_desc": {
            "fr": {
                "title": "THÉ VERT AUX FRUITS ROUGES, AMANDES ET ÉPICES 70G BIO",
                "desc": "Thé vert aux fruits rouges, amandes et épices 70g Bio\nSuccombez à ce thé vert bio aux notes gourmandes, fruités, caramélisées et biscuitées.\nPour cette recette en édition limitée pour Noël, nous avons sélectionné un très beau thé vert gourmand. Ce thé bio est reconnu pour son bouquet d’arômes à la fois fruités et caramélisés. Son parfum irrésistiblement gourmand est relevé par des notes fruitées de fraise et de mûre et des accords subtilement épicés de malt, de caroube et d’amande. Ce thé est un plaisir pour tous les sens !",
                "images": [
                    "https://media.naturalia.fr/media/catalog/product/cache/c97961dbe2ef8ae9072b778469b58f9a/8/7/871561004628.p5-1500.jpg"
                ],
                "links": {
                    "links_self": "https://www.naturalia.fr/produit/the-vert-sublime-friandise"
                }
            }
        },
        "evolutions": [
            {
                "parsing_date": "2025-06-15T22:49",
                "format": "70G",
                "availability": true,
                "ingredients": "Thé vert bio, malt bio, caroube bio, feuilles de mûrier sucré bio, amande bio, fraise bio, framboise bio, arômes naturels bio de vanille, fraise et noyau d'abricot épicé.\nIngrédients issus de l'agriculture biologique",
                "allergens": [
                    "Fruits à coque"
                ],
                "on_discount": false,
                "weight_per_packaging": 70.0,
                "price_per_packaging": 6.99,
                "price_per_unit": 99.86,
                "offers": [
                    {
                        "description": {
                            "fr": {
                                "desc": "Prix Spécial 6.99 €"
                            }
                        },
                        "requiredProductQuantity": 1
                    }
                ],
                "mode_d_emploi": "Faites infuser 2g pour 20cl d'eau à 75°C pendant 3 minutes.\nPuis dégustez !",
                "conservation": "A conserver dans un endroit frais et sec."
            }
        ],
        "created_at": "2025-06-15T22:46",
        "updated_at": "2025-06-15T22:46"
    },
    {
        "ean": "the-noir-douceur-hiver",
        "business_type": "food",
        "categories": [
            {
                "label": "Thés"
            }
        ],
        "market": {
            "name": "Naturalia",
            "country": "FR",
            "address": "Paris"
        },
        "lang_desc": {
            "fr": {
                "title": "THÉ NOIR CAROUBE TONKA ET ÉPICES 70G BIO",
                "desc": "Thé noir caroube tonka et épices 70g Bio\nCe thé noir bio aux saveurs et aux odeurs gourmandes de gâteaux sortis du four vous plongera dans la nostalgie de l’enfance !\nPour cette recette 100% bio, nous avons sélectionné un thé noir subtil. Il s'harmonise très bien avec les notes subtiles de malt, de caroube et de racine de chicorée torréfiée. La cannelle, l'amande et la vanille apportent quant à elles des notes gourmandes et réconfortantes qui font de cette recette un thé de Noël inoubliable !",
                "images": [
                    "https://media.naturalia.fr/media/catalog/product/cache/c97961dbe2ef8ae9072b778469b58f9a/3/7/3700749307039.p1-1500j.jpg"
                ],
                "links": {
                    "links_self": "https://www.naturalia.fr/produit/the-noir-douceur-hiver"
                }
            }
        },
        "evolutions": [
            {
                "parsing_date": "2025-06-15T22:49",
                "format": "70G",
                "availability": true,
                "ingredients": "Thé noir bio, malt bio, caroube bio, racine de chicorée torréfiée bio, cannelle bio, amande bio, arômes naturels de vanille et de tonka.\nIngrédient issus de l'agriculture biologique",
                "allergens": [
                    "Fruits à coque"
                ],
                "on_discount": false,
                "weight_per_packaging": 70.0,
                "price_per_packaging": 6.99,
                "price_per_unit": 99.86,
                "offers": [
                    {
                        "description": {
                            "fr": {
                                "desc": "Prix Spécial 6.99 €"
                            }
                        },
                        "requiredProductQuantity": 1
                    }
                ],
                "mode_d_emploi": "Faites infuser 2g dans 20cl d'eau à 90°C pendant 5 minutes.\nPuis dégustez !",
                "conservation": "A conserver dans un endroit frais et sec."
            }
        ],
        "created_at": "2025-06-15T22:46",
        "updated_at": "2025-06-15T22:46"
    },
    {
        "ean": "6660836",
        "business_type": "food",
        "categories": [
            {
                "label": "Thés"
            }
        ],
        "market": {
            "name": "Naturalia",
            "country": "FR",
            "address": "Paris"
        },
        "lang_desc": {
            "fr": {
                "title": "THÉ VERT EARL GREY 20 SACHETS BIO",
                "desc": "Thé Vert Earl Grey 20 sachets Bio\nCe thé vert issu de l’agriculture biologique est associé à la bergamote, pour délivrer au moment de son infusion des notes fruitées et rafraîchissantes. Moins corsé que son équivalent à base de thé noir, cet earl grey se déguste à tout moment de la journée.",
                "images": [
                    "https://media.naturalia.fr/media/catalog/product/cache/c97961dbe2ef8ae9072b778469b58f9a/4/0/4012824404229-min.jpg"
                ],
                "links": {
                    "links_self": "https://www.naturalia.fr/produit/the-vert-earl-grey-20inf-6660836"
                }
            }
        },
        "evolutions": [
            {
                "parsing_date": "2025-06-15T22:49",
                "availability": true,
                "ingredients": "Ingrédients : Thé vert* (94,5%), arôme naturel de bergamote* (5,5%)\n*Issus de l’agriculture biologique.",
                "on_discount": false,
                "price_per_packaging": 3.8,
                "price_per_unit": 126.67,
                "offers": [
                    {
                        "description": {
                            "fr": {
                                "desc": "Prix Spécial 3.80 €"
                            }
                        },
                        "requiredProductQuantity": 1
                    }
                ],
                "mode_d_emploi": "Laissez infuser 2 à 3 minutes dans une eau à 80°C.\nDosage : 1 infusette pour 20cl.",
                "conservation": "A conserver dans un endroit frais et sec."
            }
        ],
        "created_at": "2025-06-15T22:46",
        "updated_at": "2025-06-15T22:46"
    },
    {
        "ean": "the-vert-sencha-80g",
        "business_type": "food",
        "categories": [
            {
                "label": "Thés"
            }
        ],
        "market": {
            "name": "Naturalia",
            "country": "FR",
            "address": "Paris"
        },
        "lang_desc": {
            "fr": {
                "title": "THÉ VERT SENCHA EN VRAC ÉQUITABLE - 80G BIO",
                "desc": "Thé Vert Sencha en Vrac équitable - 80g Bio\nSencha vert émeraude issu d’une fine récolte de printemps, ce thé issu de l’agriculture biologique est composé de feuilles entières et de longues aiguilles. Grand classique très consommé en Chine, il délivre une infusion vert pâle, douce et finement acidulée.",
                "images": [
                    "https://media.naturalia.fr/media/catalog/product/cache/c97961dbe2ef8ae9072b778469b58f9a/8/7/871561004628.p5-1500.jpg"
                ],
                "links": {
                    "links_self": "https://www.naturalia.fr/produit/the-vert-sencha-80g"
                }
            }
        },
        "evolutions": [
            {
                "parsing_date": "2025-06-15T22:49",
                "format": "80G",
                "availability": true,
                "ingredients": "Thé vert Sencha (Chine)*\n*Issu de l’agriculture biologique.",
                "on_discount": false,
                "weight_per_packaging": 80.0,
                "price_per_packaging": 4.8,
                "price_per_unit": 60.0,
                "offers": [
                    {
                        "description": {
                            "fr": {
                                "desc": "Prix Spécial 4.80 €"
                            }
                        },
                        "requiredProductQuantity": 1
                    }
                ],
                "mode_d_emploi": "Laissez infuser 2 à 3 minutes dans une eau à 80°C.\nDosage : 2g pour 20cl.",
                "conservation": "A conserver dans un endroit frais et sec."
            }
        ],
        "created_at": "2025-06-15T22:46",
        "updated_at": "2025-06-15T22:46"
    },
    {
        "ean": "the-jasmin-20-inf",
        "business_type": "food",
        "categories": [
            {
                "label": "Thés"
            }
        ],
        "market": {
            "name": "Naturalia",
            "country": "FR",
            "address": "Paris"
        },
        "lang_desc": {
            "fr": {
                "title": "THÉ JASMIN 20 INFUSIONS BIO",
                "desc": "Thé jasmin 20 infusions Bio\nAccordez-vous une pause florale et parfumée avec ce thé vert Bio au jasmin. Un goût doux et équilibré, à déguster à tout moment de la journée.\nProduit issu de l'agriculture biologique.",
                "images": [
                    "https://media.naturalia.fr/media/catalog/product/cache/c97961dbe2ef8ae9072b778469b58f9a/4/0/4012824402799-min.jpg"
                ],
                "links": {
                    "links_self": "https://www.naturalia.fr/produit/the-jasmin-20-inf"
                }
            }
        },
        "evolutions": [
            {
                "parsing_date": "2025-06-15T22:49",
                "availability": true,
                "ingredients": "100% thé au jasmin Bio.",
                "on_discount": false,
                "price_per_packaging": 2.99,
                "price_per_unit": 99.67,
                "offers": [
                    {
                        "description": {
                            "fr": {
                                "desc": "Prix Spécial 2.99 €"
                            }
                        },
                        "requiredProductQuantity": 1
                    }
                ],
                "mode_d_emploi": "Laissez infuser 2-3 minutes dans de l'eau chaude à 85°C. Dégustez !",
                "conservation": "A conserver dans un endroit frais et sec."
            }
        ],
        "created_at": "2025-06-15T22:46",
        "updated_at": "2025-06-15T22:46"
    },
    {
        "ean": "4215416",
        "business_type": "food",
        "categories": [
            {
                "label": "Thés"
            }
        ],
        "market": {
            "name": "Naturalia",
            "country": "FR",
            "address": "Paris"
        },
        "lang_desc": {
            "fr": {
                "title": "THÉ NOIR ENGLISH BREAKFAST 20 INFUSIONS BIO",
                "desc": "Thé noir english breakfast 20 infusions Bio\nUn délicieux thé noir au goût puissant et dynamique, idéal pour le petit-déjeuner. \nProduit issu de l'agriculture biologique.",
                "images": [
                    "https://media.naturalia.fr/media/catalog/product/cache/c97961dbe2ef8ae9072b778469b58f9a/8/7/8711138671636.p5-1500j.jpg"
                ],
                "links": {
                    "links_self": "https://www.naturalia.fr/produit/the-noir-breakfast-24inf-4215416"
                }
            }
        },
        "evolutions": [
            {
                "parsing_date": "2025-06-15T22:49",
                "availability": true,
                "ingredients": "Thé noir, Broken orange pekoe farmings (Rwanda)*.\n*Ingrédient issu de l'agriculture biologique.",
                "on_discount": false,
                "price_per_packaging": 2.99,
                "price_per_unit": 67.95,
                "offers": [
                    {
                        "description": {
                            "fr": {
                                "desc": "Prix Spécial 2.99 €"
                            }
                        },
                        "requiredProductQuantity": 1
                    }
                ],
                "mode_d_emploi": "Laissez infuser 3-4 minutes dans de l'eau chaude (85°).",
                "conservation": "A conserver dans un endroit frais et sec."
            }
        ],
        "created_at": "2025-06-15T22:46",
        "updated_at": "2025-06-15T22:46"
    },
    {
        "ean": "the-earl-grey-20-inf",
        "business_type": "food",
        "categories": [
            {
                "label": "Thés"
            }
        ],
        "market": {
            "name": "Naturalia",
            "country": "FR",
            "address": "Paris"
        },
        "lang_desc": {
            "fr": {
                "title": "THÉ EARL GREY 20 INFUSIONS BIO",
                "desc": "Thé earl grey 20 infusions Bio\n20 sachets d'infusion de thé noir earl grey, au goût frais et acidulé. A l'huile essentielle de bergamote, pour faire de votre pause thé un vrai moment de plaisir revitalisant.\nProduit issu de l'agriculture biologique.",
                "images": [
                    "https://media.naturalia.fr/media/catalog/product/cache/c97961dbe2ef8ae9072b778469b58f9a/4/2/42282181.v2.jpg"
                ],
                "links": {
                    "links_self": "https://www.naturalia.fr/produit/the-earl-grey-20-inf"
                }
            }
        },
        "evolutions": [
            {
                "parsing_date": "2025-06-15T22:50",
                "availability": true,
                "ingredients": "Thé noir Bio (Rwanda), huile de bergamote Bio.",
                "on_discount": false,
                "price_per_packaging": 2.99,
                "price_per_unit": 74.75,
                "offers": [
                    {
                        "description": {
                            "fr": {
                                "desc": "Prix Spécial 2.99 €"
                            }
                        },
                        "requiredProductQuantity": 1
                    }
                ],
                "mode_d_emploi": "Laissez infuser 3-4 minutes dans de l'eau chaude (85°).",
                "conservation": "A conserver dans un endroit frais et sec."
            }
        ],
        "created_at": "2025-06-15T22:46",
        "updated_at": "2025-06-15T22:46"
    },
    {
        "ean": "the-darjeeling-20-inf",
        "business_type": "food",
        "categories": [
            {
                "label": "Thés"
            }
        ],
        "market": {
            "name": "Naturalia",
            "country": "FR",
            "address": "Paris"
        },
        "lang_desc": {
            "fr": {
                "title": "THÉ NOIR DARJEELING 20 INFUSIONS BIO",
                "desc": "Thé noir darjeeling 20 infusions Bio\nUn thé noir vif et intense, idéal pour le petit-déjeuner ou à tout moment de la journée pour un moment vivifiant et ressourçant. \nBoîte de 20 sachets.\nProduit issu de l'agriculture biologique.",
                "images": [
                    "https://media.naturalia.fr/media/catalog/product/cache/c97961dbe2ef8ae9072b778469b58f9a/3/7/3700749307015.p1-1500j.jpg"
                ],
                "links": {
                    "links_self": "https://www.naturalia.fr/produit/the-darjeeling-20-inf"
                }
            }
        },
        "evolutions": [
            {
                "parsing_date": "2025-06-15T22:50",
                "availability": true,
                "ingredients": "100% thé noir Bio.",
                "on_discount": false,
                "price_per_packaging": 2.99,
                "price_per_unit": 74.75,
                "offers": [
                    {
                        "description": {
                            "fr": {
                                "desc": "Prix Spécial 2.99 €"
                            }
                        },
                        "requiredProductQuantity": 1
                    }
                ],
                "mode_d_emploi": "Laissez infuser 4-5 minutes dans de l'eau à 85°C. Dégustez !",
                "conservation": "A conserver dans un endroit frais et sec."
            }
        ],
        "created_at": "2025-06-15T22:46",
        "updated_at": "2025-06-15T22:46"
    },
    {
        "ean": "30",
        "business_type": "food",
        "categories": [
            {
                "label": "Thés"
            }
        ],
        "market": {
            "name": "Naturalia",
            "country": "FR",
            "address": "Paris"
        },
        "lang_desc": {
            "fr": {
                "title": "THÉ VERT MATCHA DE CÉRÉMONIE - PREMIUM 30G BIO",
                "desc": "Thé Vert Matcha de Cérémonie - Premium 30g Bio\nUn thé Vert d’Exception Cultivé à Uji, Japon.\nDécouvrez le Matcha de Cérémonie Bio Aromandise, un thé vert d’exception issu des meilleures feuilles Tencha de 1ʳᵉ récolte, cultivées à Uji, terroir historique du thé vert japonais. Finement broyé en une poudre d’un vert éclatant, il révèle une saveur crémeuse, herbacée et délicatement chlorophyllienne, parfaite pour une dégustation traditionnelle.\n- Qualité Cérémoniale Supérieure : Fabriqué exclusivement à partir de feuilles de Gyokuro, sélectionnées avec soin pour leur finesse et leur intensité aromatique.\n- Cultivé au Japon, à Uji : Un savoir-faire ancestral transmis de génération en génération, avec des récoltes à la main pour préserver toute la richesse du thé.\n- Énergisant et revitalisant : Riche en antioxydants et en L-théanine, il aide à réduire la fatigue physique et mentale tout en procurant une énergie douce et durable.\n- Dégustation pure et authentique : Se consomme sans sucre ni lait, préparé selon la méthode traditionnelle pour profiter pleinement de ses arômes et bienfaits.\n- Issu des cultivars Yabukita, Saemidori et Okumidori, des variétés réputées pour leur équilibre parfait entre douceur et intensité.\n- Appellation : Matcha Cérémonial Grade\nPlongez dans l’univers des thés japonais bio et laissez-vous transporter au cœur des traditions d’Uji avec ce Matcha de Cérémonie raffiné et authentique.",
                "images": [
                    "https://media.naturalia.fr/media/catalog/product/cache/c97961dbe2ef8ae9072b778469b58f9a/3/5/3560465010404.jpg"
                ],
                "links": {
                    "links_self": "https://www.naturalia.fr/produit/matcha-de-ceremonie-premium-30"
                }
            }
        },
        "evolutions": [
            {
                "parsing_date": "2025-06-15T22:50",
                "format": "30G",
                "availability": true,
                "ingredients": "Poudre de thé vert matcha*.\n*produit issu de l'Agriculture Biologique.",
                "on_discount": false,
                "weight_per_packaging": 30.0,
                "price_per_packaging": 18.75,
                "price_per_unit": 625.0,
                "offers": [
                    {
                        "description": {
                            "fr": {
                                "desc": "Prix Spécial 18.75 €"
                            }
                        },
                        "requiredProductQuantity": 1
                    }
                ],
                "mode_d_emploi": "Le Matcha de Cérémonie se déguste avec le bon matériel : un bol de cérémonie Chawan, un fouet Chasen et une cuillère à Matcha Chashaku.\nDosez le Matcha de Cérémonie avec la cuillère Chashaku, puis déposez délicatement le Matcha dans le bol de cérémonie Chawan. Verser un quart de tasse d'eau chaude (70°C) sur le thé. Battre au fouet Chasen jusqu'à faire mousser, en dessinant un \"M\". \nIl est recommandé de respecter les doses conseillées. Dose recommandée pour un maximum de bienfaits : 2,5g de thé vert en infusion par jour (1cc rase équivaut à 1,74g).",
                "conservation": "A conserver dans un endroit frais et sec."
            }
        ],
        "created_at": "2025-06-15T22:46",
        "updated_at": "2025-06-15T22:46"
    },
    {
        "ean": "the-vert-matcha-100g",
        "business_type": "food",
        "categories": [
            {
                "label": "Thés"
            }
        ],
        "market": {
            "name": "Naturalia",
            "country": "FR",
            "address": "Paris"
        },
        "lang_desc": {
            "fr": {
                "title": "THÉ VERT MATCHA 100G BIO",
                "desc": "Thé vert matcha 100g Bio\nDécouvrez le thé vert matcha de Touch Organic, idéal à déguster en boissons mais également pour vos recettes de cuisine.\nLes ingrédients sont conformes aux standards du commerce équitable Fairtrade/Max Havelaar. \nFabriqué en Chine.\nProduit issu de l'agriculture biologique.",
                "images": [
                    "https://media.naturalia.fr/media/catalog/product/cache/c97961dbe2ef8ae9072b778469b58f9a/3/5/3560467100011.jpg"
                ],
                "links": {
                    "links_self": "https://www.naturalia.fr/produit/the-vert-matcha-100g"
                }
            }
        },
        "evolutions": [
            {
                "parsing_date": "2025-06-15T22:50",
                "format": "100G",
                "availability": true,
                "ingredients": "Thé vert* de Chine.\n*Ingrédient issu de l'agriculture biologique.",
                "on_discount": false,
                "weight_per_packaging": 100.0,
                "price_per_packaging": 8.99,
                "price_per_unit": 89.9,
                "offers": [
                    {
                        "description": {
                            "fr": {
                                "desc": "Prix Spécial 8.99 €"
                            }
                        },
                        "requiredProductQuantity": 1
                    }
                ],
                "mode_d_emploi": "Pour une tasse de 20cl, prendre 1g de thé vert matcha dans une eau à 80-85°C, pendant 3 à 5 minutes.",
                "conservation": "A conserver dans un endroit frais, sec et à l'abri de la lumière."
            }
        ],
        "created_at": "2025-06-15T22:46",
        "updated_at": "2025-06-15T22:46"
    },
    {
        "ean": "10",
        "business_type": "food",
        "categories": [
            {
                "label": "Thés"
            }
        ],
        "market": {
            "name": "Naturalia",
            "country": "FR",
            "address": "Paris"
        },
        "lang_desc": {
            "fr": {
                "title": "THÉ VERT SAVEUR VANILLE ET FLEUR DE CERISIER 100G BIO",
                "desc": "Thé vert saveur vanille et fleur de cerisier 100g Bio\nDélicatement parfumé à la vanille et à la cerise, ce thé est un hommage à la beauté de la floraison des cerisiers. Particulièrement doux et fin, il volus fera voyager dans les plus beaux jardins d'Asie.\nCe produit est issu de l'agriculture biologique.",
                "images": [
                    "https://media.naturalia.fr/media/catalog/product/cache/c97961dbe2ef8ae9072b778469b58f9a/3/5/3560467100011.jpg"
                ],
                "links": {
                    "links_self": "https://www.naturalia.fr/produit/the-vert-fleur-cerisier-bio-10"
                }
            }
        },
        "evolutions": [
            {
                "parsing_date": "2025-06-15T22:50",
                "format": "100G",
                "availability": true,
                "ingredients": "Thé vert*, arôme naturel de cerise, pétales de rose*, arôme naturel de vanille Bourbon, de rose et de fève tonka.\n*Ingrédient issu de l'agriculture biologique.",
                "on_discount": false,
                "weight_per_packaging": 100.0,
                "price_per_packaging": 9.2,
                "price_per_unit": 92.0,
                "offers": [
                    {
                        "description": {
                            "fr": {
                                "desc": "Prix Spécial 9.20 €"
                            }
                        },
                        "requiredProductQuantity": 1
                    }
                ],
                "mode_d_emploi": "Faire bouillir de l'eau et laissez infuser 3 à 4 minutes dans une tasse.",
                "conservation": "A conserver dans un endroit frais, sec et à l'abri de la lumière."
            }
        ],
        "created_at": "2025-06-15T22:46",
        "updated_at": "2025-06-15T22:46"
    }
]